@inproceedings{Sen:2015:MMS:2786805.2786830,
 author = {Sen, Koushik and Necula, George and Gong, Liang and Choi, Wontae},
 title = {{M}ulti{SE}: {M}ulti-path {S}ymbolic {E}xecution {U}sing {V}alue {S}ummaries},
 booktitle = {Proceedings of the 2015 10th Joint Meeting on Foundations of Software Engineering},
 series = {ESEC/FSE 2015},
 year = {2015},
 isbn = {978-1-4503-3675-8},
 location = {Bergamo, Italy},
 pages = {842--853},
 numpages = {12},
 url = {http://doi.acm.org/10.1145/2786805.2786830},
 doi = {10.1145/2786805.2786830},
 acmid = {2786830},
 publisher = {ACM},
 address = {New York, NY, USA},
 keywords = {JavaScript, MultiSE, concolic testing, symbolic execution, test generation, value summary},
}

@inproceedings{hills2014static,
  title={Static, lightweight includes resolution for PHP},
  author={Hills, Mark and Klint, Paul and Vinju, Jurgen J},
  booktitle={Proceedings of the 29th ACM/IEEE international conference on Automated software engineering},
  pages={503--514},
  year={2014},
  organization={ACM}
}

@inproceedings{Hills:2013:ESP:2483760.2483786,
 author = {Hills, Mark and Klint, Paul and Vinju, Jurgen},
 title = {An Empirical Study of PHP Feature Usage: A Static Analysis Perspective},
 booktitle = {Proceedings of the 2013 International Symposium on Software Testing and Analysis},
 series = {ISSTA 2013},
 year = {2013},
 isbn = {978-1-4503-2159-4},
 location = {Lugano, Switzerland},
 pages = {325--335},
 numpages = {11},
 url = {http://doi.acm.org/10.1145/2483760.2483786},
 doi = {10.1145/2483760.2483786},
 acmid = {2483786},
 publisher = {ACM},
 address = {New York, NY, USA},
 keywords = {Dynamic language features, PHP, Static analysis, Static metrics, Static program behavior}
} 

@inproceedings{hills2015variable,
  title={Variable Feature Usage Patterns in PHP (T)},
  author={Hills, Mark},
  booktitle={Automated Software Engineering (ASE), 2015 30th IEEE/ACM International Conference on},
  pages={563--573},
  year={2015},
  organization={IEEE}
}

@inproceedings{Nguyen:2011:AFH:2190078.2190142,
 author = {Nguyen, Hung Viet and Nguyen, Hoan Anh and Nguyen, Tung Thanh and Nguyen, Tien N.},
 title = {Auto-locating and Fix-propagating for HTML Validation Errors to PHP Server-side Code},
 booktitle = {Proceedings of the 2011 26th IEEE/ACM International Conference on Automated Software Engineering},
 series = {ASE '11},
 year = {2011},
 isbn = {978-1-4577-1638-6},
 pages = {13--22},
 numpages = {10},
 url = {http://dx.doi.org/10.1109/ASE.2011.6100047},
 doi = {10.1109/ASE.2011.6100047},
 acmid = {2190142},
 publisher = {IEEE Computer Society},
 address = {Washington, DC, USA}
} 

@inproceedings{Nguyen:2015:VIS:2819009.2819140,
 author = {Nguyen, Hung Viet and K\"{a}stner, Christian and Nguyen, Tien N.},
 title = {Varis: IDE Support for Embedded Client Code in PHP Web Applications},
 booktitle = {Proceedings of the 37th International Conference on Software Engineering - Volume 2},
 series = {ICSE '15},
 year = {2015},
 location = {Florence, Italy},
 pages = {693--696},
 numpages = {4},
 url = {http://dl.acm.org/citation.cfm?id=2819009.2819140},
 acmid = {2819140},
 publisher = {IEEE Press},
 address = {Piscataway, NJ, USA}
} 

@inproceedings{Nguyen:2015:CPS:2786805.2786872,
 author = {Nguyen, Hung Viet and K\"{a}stner, Christian and Nguyen, Tien N.},
 title = {Cross-language Program Slicing for Dynamic Web Applications},
 booktitle = {Proceedings of the 2015 10th Joint Meeting on Foundations of Software Engineering},
 series = {ESEC/FSE 2015},
 year = {2015},
 isbn = {978-1-4503-3675-8},
 location = {Bergamo, Italy},
 pages = {369--380},
 numpages = {12},
 url = {http://doi.acm.org/10.1145/2786805.2786872},
 doi = {10.1145/2786805.2786872},
 acmid = {2786872},
 publisher = {ACM},
 address = {New York, NY, USA},
 keywords = {Program slicing, cross-language analysis, dynamic web applications}
} 

@inproceedings{Nguyen:2014:BCG:2635868.2635928,
 author = {Nguyen, Hung Viet and K\"{a}stner, Christian and Nguyen, Tien N.},
 title = {Building Call Graphs for Embedded Client-side Code in Dynamic Web Applications},
 booktitle = {Proceedings of the 22Nd ACM SIGSOFT International Symposium on Foundations of Software Engineering},
 series = {FSE 2014},
 year = {2014},
 isbn = {978-1-4503-3056-5},
 location = {Hong Kong, China},
 pages = {518--529},
 numpages = {12},
 url = {http://doi.acm.org/10.1145/2635868.2635928},
 doi = {10.1145/2635868.2635928},
 acmid = {2635928},
 publisher = {ACM},
 address = {New York, NY, USA},
 keywords = {Call Graphs, Embedded Code, Web Code Analysis}
}

@inproceedings{wassermann2007sound,
  title={Sound and precise analysis of web applications for injection vulnerabilities},
  author={Wassermann, Gary and Su, Zhendong},
  booktitle={ACM Sigplan Notices},
  volume={42},
  number={6},
  pages={32--41},
  year={2007},
  organization={ACM}
}

@misc{codegeekz,
  title = {},
  howpublished = {\url{https://codegeekz.com/12-lightweight-cms-for-building-websites/}},
  note = {Accessed: 2016-09-30}
}

@misc{githubPHP,
  title = {PHP Usage on GitHub},
  howpublished = {\url{https://github.com/languages/php}},
  note = {}
}

@misc{tiobePHP,
  title = {TIOBE Index for PHP },
  howpublished = {\url{}},
  note = {}
}

@misc{phpNET,
  title = {PHP},
  howpublished = {\url{http://php.net/}},
  note = {}
}

@misc{alexaPHP,
  title = {PHP Usage Statistics},
  howpublished = {\url{http://w3techs.com/technologies/details/p1-php/all/all}},
  note = {Accessed: 2016-1-12}
}

@article{King1976,
 author = {King, James C.},
 title = {Symbolic Execution and Program Testing},
 journal = {Commun. ACM},
 issue_date = {July 1976},
 volume = {19},
 number = {7},
 month = jul,
 year = {1976},
 issn = {0001-0782},
 pages = {385--394},
 numpages = {10},
 url = {http://doi.acm.org/10.1145/360248.360252},
 doi = {10.1145/360248.360252},
 acmid = {360252},
 publisher = {ACM},
 address = {New York, NY, USA},
 keywords = {program debugging, program proving, program testing, program verification, symbolic execution, symbolic interpretation}
} 


@inproceedings{multiSE,
 author = {Sen, Koushik and Necula, George and Gong, Liang and Choi, Wontae},
 title = {MultiSE: Multi-path Symbolic Execution Using Value Summaries},
 booktitle = {Proceedings of the 2015 10th Joint Meeting on Foundations of Software Engineering},
 series = {ESEC/FSE 2015},
 year = {2015},
 isbn = {978-1-4503-3675-8},
 location = {Bergamo, Italy},
 pages = {842--853},
 numpages = {12},
 url = {http://doi.acm.org/10.1145/2786805.2786830},
 doi = {10.1145/2786805.2786830},
 acmid = {2786830},
 publisher = {ACM},
 address = {New York, NY, USA},
 keywords = {JavaScript, MultiSE, concolic testing, symbolic execution, test generation, value summary}
} 

@article{Darringer1978,
 author = {Darringer, J. A. and King, J. C.},
 title = {Applications of Symbolic Execution to Program Testing},
 journal = {Computer},
 issue_date = {April 1978},
 volume = {11},
 number = {4},
 month = apr,
 year = {1978},
 issn = {0018-9162},
 pages = {51--60},
 numpages = {10},
 url = {http://dx.doi.org/10.1109/C-M.1978.218139},
 doi = {10.1109/C-M.1978.218139},
 acmid = {1301360},
 publisher = {IEEE Computer Society Press},
 address = {Los Alamitos, CA, USA},
} 


@inproceedings{wang_locating_2010,
	title = {Locating need-to-translate constant strings in web applications},
	isbn = {978-1-60558-791-2},
	url = {http://portal.acm.org/citation.cfm?doid=1882291.1882306},
	doi = {10.1145/1882291.1882306},
	language = {en},
	urldate = {2017-01-17},
	publisher = {ACM Press},
	author = {Wang, Xiaoyin and Zhang, Lu and Xie, Tao and Mei, Hong and Sun, Jiasu},
	year = {2010},
	keywords = {AlternativeOutputApproximation},
	pages = {87},
	annote = {Using a string analyzer, Wang et al. [13] compute the approximated output of a PHP program and identify the constant strings visible from the browser for translation purpose.},
	file = {Locating_Need-to-Translate_Constant_Strings_in_Web (1).pdf:/home/stefan/.zotero/zotero/mk3q6apg.default/zotero/storage/7A8VRSZ3/Locating_Need-to-Translate_Constant_Strings_in_Web (1).pdf:application/pdf}
}

@inproceedings{wang_automating_2012,
	title = {Automating presentation changes in dynamic web applications via collaborative hybrid analysis},
	url = {http://dl.acm.org/citation.cfm?id=2393614},
	urldate = {2017-01-17},
	booktitle = {Proceedings of the {ACM} {SIGSOFT} 20th {International} {Symposium} on the {Foundations} of {Software} {Engineering}},
	publisher = {ACM},
	author = {Wang, Xiaoyin and Zhang, Lu and Xie, Tao and Xiong, Yingfei and Mei, Hong},
	year = {2012},
	keywords = {AlternativeOutputApproximation},
	pages = {16},
	file = {a16-wang.pdf:/home/stefan/.zotero/zotero/mk3q6apg.default/zotero/storage/5BPAT382/a16-wang.pdf:application/pdf}
}

@article{tonella_web_2005,
	title = {Web application slicing in presence of dynamic code generation},
	volume = {12},
	url = {http://link.springer.com/article/10.1007/s10515-005-6208-8},
	number = {2},
	urldate = {2017-01-17},
	journal = {Automated Software Engineering},
	author = {Tonella, Paolo and Ricca, Filippo},
	year = {2005},
	keywords = {AlternativeOutputApproximation},
	pages = {259--288},
	file = {art%3A10.1007%2Fs10515-005-6208-8.pdf:/home/stefan/.zotero/zotero/mk3q6apg.default/zotero/storage/G9J8DCE3/art%3A10.1007%2Fs10515-005-6208-8.pdf:application/pdf}
}

@inproceedings{tonella_2001,
 author = {Ricca, Filippo and Tonella, Paolo},
 title = {Web Application Slicing},
 booktitle = {Proceedings of the IEEE International Conference on Software Maintenance (ICSM'01)},
 series = {ICSM '01},
 year = {2001},
 isbn = {0-7695-1189-9},
 pages = {148--},
 url = {http://dx.doi.org/10.1109/ICSM.2001.972725},
 doi = {10.1109/ICSM.2001.972725},
 acmid = {848630},
 publisher = {IEEE Computer Society},
 address = {Washington, DC, USA},
 keywords = {Web applications, Program slicing, Reverse engineering, Code analysis},
} 

@inproceedings{tonella_2002,
 author = {Ricca, Filippo and Tonella, Paolo},
 title = {Construction of the System Dependence Graph for Web Application Slicing},
 booktitle = {Proceedings of the Second IEEE International Workshop on Source Code Analysis and Manipulation},
 series = {SCAM '02},
 year = {2002},
 isbn = {0-7695-1793-5},
 pages = {123--},
 url = {http://dl.acm.org/citation.cfm?id=827253.827727},
 acmid = {827727},
 publisher = {IEEE Computer Society},
 address = {Washington, DC, USA},
} 
[download]

@inproceedings{artzi_finding_2008,
	title = {Finding bugs in dynamic web applications},
	isbn = {978-1-60558-050-0},
	url = {http://portal.acm.org/citation.cfm?doid=1390630.1390662},
	doi = {10.1145/1390630.1390662},
	language = {en},
	urldate = {2017-01-17},
	publisher = {ACM Press},
	author = {Artzi, Shay and Kiezun, Adam and Dolby, Julian and Tip, Frank and Dig, Danny and Paradkar, Amit and Ernst, Michael D.},
	year = {2008},
	keywords = {UsingSymbolicExecution},
	pages = {261},
	annote = {Artzi et al. [introduced Apollo, a method to find bugs in Web applications by combining concrete and symbolic execution. It executes a Web application on an initial empty or randomly-chosen input. Additional inputs are derived by solving path constraints and conditions extracted from exercised control flow paths.},
	file = {Finding_Bugs_In_Dynamic_Web_Applications (2).pdf:/home/stefan/.zotero/zotero/mk3q6apg.default/zotero/storage/EM8XPAA3/Finding_Bugs_In_Dynamic_Web_Applications (2).pdf:application/pdf}
}

@inproceedings{xie_static_2006,
	title = {Static {Detection} of {Security} {Vulnerabilities} in {Scripting} {Languages}.},
	volume = {6},
	url = {https://www.usenix.org/event/sec06/tech/full_papers/xie/xie_html/},
	urldate = {2017-01-17},
	booktitle = {{USENIX} {Security}},
	author = {Xie, Yichen and Aiken, Alex},
	year = {2006},
	keywords = {UsingAlternativeOutputApproximation},
	pages = {179--192},
	file = {usenix06.pdf:/home/stefan/.zotero/zotero/mk3q6apg.default/zotero/storage/TAFD5R8W/usenix06.pdf:application/pdf}
}

@inproceedings{minamide_static_2005,
	title = {Static approximation of dynamically generated {Web} pages},
	isbn = {978-1-59593-046-0},
	url = {http://portal.acm.org/citation.cfm?doid=1060745.1060809},
	doi = {10.1145/1060745.1060809},
	language = {en},
	urldate = {2017-01-17},
	publisher = {ACM Press},
	author = {Minamide, Yasuhiko},
	year = {2005},
	keywords = {AlternativeOutputApproximation},
	pages = {432},
	file = {Static_approximation_of_dynamically_generated_Web_ (3).pdf:/home/stefan/.zotero/zotero/mk3q6apg.default/zotero/storage/WFXP7UPA/Static_approximation_of_dynamically_generated_Web_ (3).pdf:application/pdf}
}

@inproceedings{wassermann_static_2008,
	title = {Static detection of cross-site scripting vulnerabilities},
	url = {http://ieeexplore.ieee.org/xpls/abs_all.jsp?arnumber=4814128},
	urldate = {2017-01-17},
	booktitle = {2008 {ACM}/{IEEE} 30th {International} {Conference} on {Software} {Engineering}},
	publisher = {IEEE},
	author = {Wassermann, Gary and Su, Zhendong},
	year = {2008},
	keywords = {UsingAlternativeOutputApproximation},
	pages = {171--180},
	file = {p171-wassermann (1).pdf:/home/stefan/.zotero/zotero/mk3q6apg.default/zotero/storage/C98EB8J8/p171-wassermann (1).pdf:application/pdf}
}

@inproceedings{nguyen_dangling_2013,
	title = {Dangling references in multi-configuration and dynamic {PHP}-based {Web} applications},
	url = {http://ieeexplore.ieee.org/xpls/abs_all.jsp?arnumber=6693098},
	urldate = {2017-01-17},
	booktitle = {Automated {Software} {Engineering} ({ASE}), 2013 {IEEE}/{ACM} 28th {International} {Conference} on},
	publisher = {IEEE},
	author = {Nguyen, Hung Viet and Nguyen, Hoan Anh and Nguyen, Tung Thanh and Nguyen, Anh Tuan and Nguyen, Tien N.},
	year = {2013},
	keywords = {UsingSymbolicExecution},
	pages = {399--409},
	annote = {Subsequently, we designed DRC to analyze both PHP code and generated client-side code to detect cross-language and cross-stage dangling references [41]. In contrast to this work, DRC extracts program entities via heuristics: it just matches path constraints of references/declarations without building the ASTs and DOM for embedded code in different configurations.
 },
	file = {06693098.pdf:/home/stefan/.zotero/zotero/mk3q6apg.default/zotero/storage/Z9GGFES4/06693098.pdf:application/pdf}
}

@article{artzi_finding_2010,
	title = {Finding {Bugs} in {Web} {Applications} {Using} {Dynamic} {Test} {Generation} and {Explicit}-{State} {Model} {Checking}},
	volume = {36},
	issn = {0098-5589},
	url = {http://ieeexplore.ieee.org/document/5416728/},
	doi = {10.1109/TSE.2010.31},
	number = {4},
	urldate = {2017-01-17},
	journal = {IEEE Transactions on Software Engineering},
	author = {Artzi, S and Kiezun, A and Dolby, J and Tip, F and Dig, D and Paradkar, A and Ernst, M D},
	month = jul,
	year = {2010},
	keywords = {UsingSymbolicExecution},
	pages = {474--494},
	annote = {In [8], they extended Apollo to also model interactive user inputs in a Web application. However, it does not pinpoint the buggy PHP statements that cause such errors.},
	file = {Finding_Bugs_in_Web_Applications_Using_Dynamic_Tes (1).pdf:/home/stefan/.zotero/zotero/mk3q6apg.default/zotero/storage/N6382C8U/Finding_Bugs_in_Web_Applications_Using_Dynamic_Tes (1).pdf:application/pdf}
}

@inproceedings{nguyen2013dangling,
  title={Dangling references in multi-configuration and dynamic PHP-based Web applications},
  author={Nguyen, Hung Viet and Nguyen, Hoan Anh and Nguyen, Tung Thanh and Nguyen, Anh Tuan and Nguyen, Tien N},
  booktitle={Automated Software Engineering (ASE), 2013 IEEE/ACM 28th International Conference on},
  pages={399--409},
  year={2013},
  organization={IEEE}
}

@inproceedings{DynamicWassermann,
 author = {Wassermann, Gary and Yu, Dachuan and Chander, Ajay and Dhurjati, Dinakar and Inamura, Hiroshi and Su, Zhendong},
 title = {Dynamic Test Input Generation for Web Applications},
 booktitle = {Proceedings of the 2008 International Symposium on Software Testing and Analysis},
 series = {ISSTA '08},
 year = {2008},
 isbn = {978-1-60558-050-0},
 location = {Seattle, WA, USA},
 pages = {249--260},
 numpages = {12},
 url = {http://doi.acm.org/10.1145/1390630.1390661},
 doi = {10.1145/1390630.1390661},
 acmid = {1390661},
 publisher = {ACM},
 address = {New York, NY, USA},
 keywords = {automatic test generation, concolic testing, directed random testing, web applications},
} 


