@String{OOPSLA              = "Proc.\ Int'l Conf.\ Object-Oriented Programming, Systems, Languages and Applications (OOPSLA)"}
@String{OOPSLAComp          = "Companion Int'l Conf.\ Object-Oriented Programming, Systems, Languages and Applications (OOPSLA)"}
@String{ICSE              = "Proc.\ Int'l Conf.\ Software Engineering (ICSE)"}
@String{ICSEComp              = "Comp.\ Int'l Conf.\ Software Engineering (ICSE)"}
@String{ECOOP              = "Proc.\ Europ.\ Conf.\ Object-Oriented Programming (ECOOP)"}
@String{AOSD              = "Proc.\ Int'l Conf.\ Aspect-Oriented Software Development (AOSD)"}
@String{ICSM              = "Proc.\ Int'l Conf.\ Software Maintenance (ICSM)"}
@String{GPCE              = "Proc.\ Int'l Conf.\ Generative Programming and Component Engineering (GPCE)"}
@String{GCSE              = "Proc.\ Int'l Conf.\ Generative and Component-Based Software Engineering (GCSE)"}
@String{SPLC              = "Proc.\ Int'l Software Product Line Conference (SPLC)"}
@String{ASE               = "Proc.\ Int'l Conf.\ Automated Software Engineering (ASE)"}
@String{ICSR              = "Proc.\ Int'l Conf.\ Software Reuse (ICSR)"}
@String{POPL              = "Proc.\ Symp.\ Principles of Programming Languages (POPL)"}
@String{FASE              = "Proc.\ Int'l Conf.\ Fundamental Approaches to Software Engineering"}
@String{ESECFSE           = "Proc.\ Europ.\ Software Engineering Conf./Foundations of Software Engineering (ESEC/FSE)"}
@String{ESECFSECompanion          = "Companion Europ.\ Software Engineering Conf./Foundations of Software Engineering (ESEC/FSE)"}
@String{FSE               = "Proc.\ Int'l Symposium Foundations of Software Engineering (FSE)"},
@String{APSEC             = "Proc.\ Asia-Pacific Software Engineering Conf.\ (APSEC)"}
@String{PLDI              = "Proc.\ Conf.\ Programming Language Design and Implementation (PLDI)"}
@String{TOOLS             = "Proc.\ Int'l Conf.\ Objects, Models, Components, Patterns (TOOLS EUROPE)"}
@String{WCRE              = "Proc.\ Working Conf.\ Reverse Engineering (WCRE)"}
@String{SC                = "Proc.\ Int'l Conf.\ Software Composition (SC)"}
@String{BTW                 = "Proc.\ GI-Fachtagung Datenbanksysteme f{\"u}r Business, Technologie und Web (BTW)"}
@String{NetObjectDays    = "Proc. Int'l Conf.\ Object-Oriented and Internet-based Technologies, Concepts, and Applications for a Networked World (Net.ObjectDays)"}
@String{ICMT              = "Proc.\ Int'l Conf.\ Theory and Practice of Model Transformations (ICMT)"}
@String{CHI             = "Proc.\ Conf.\ Human Factors in Computing Systems (CHI)"}
@String{SAC             = "Proc.\ Symp.\ Applied Computing (SAC)"}
@String{RE              = "Proc.\ Int'l Requirements Engineering Conf. (RE)"}%seit 2002 gemeinsam RE=RE symposium+ICRE
@String{ICRE              = "Proc.\ Int'l Conf.\ Requirements Engineering (ICRE)"}
@String{ICPC              = "Proc.\ Int'l Conf.\ Program Comprehension (ICPC)"}
@String{CSMR            = "Proc.\ Europ.\ Conf.\ Software Maintenance and Reengineering (CSMR)"}
@String{CC              = "Proc.\ Int'l Conf.\ Compiler Construction (CC)"}
@String{MODELS          = "Proc.\ Int'l Conf.\ Model Driven Engineering Languages and Systems (MoDELS)"}
@String{EUROSYS         = "Proc.\ Europ.\ Conf.\ Computer Systems (EuroSys)"}
@String{ICFP            = "Proc.\ Int'l Conf.\ Functional Programming (ICFP)"}
@String{SLE             = "Proc.\ Int'l Conf.\ Software Language Engineering (SLE)"}
@String{ISSTA           = "Proc.\ Int'l Symp.\ Software Testing and Analysis (ISSTA)"}
@String{LFP             = "Proc.\ Conf.\ {LISP} and Functional Programming (LFP)"}
@String{ISSRE =     "Proc.\ Int'l Symp.\ Software Reliability Engineering (ISSRE)"}
@String{VLHCC =     "Proc.\ Int'l Symp. Visual Languages and Human-Centric Computing (VLHCC)"}
@String{ASPLOS =    "Proc.\ Int'l Conf.\ Architectural Support for Programming Languages and Operating Systems (ASPLOS)"}
@String{CSCW =      "Proc.\ Conf.\ Computer Supported Cooperative Work (CSCW)"},
@String{SAS =     "Proc.\ Int'l Static Analysis Symposium (SAS)"}
@String{ASPLOS =      "Proc.\ Int'l Conf.\ Architectural Support for Programming Languages and Operating Systems (ASPLOS)"}
@String{ESEM =      "Proc.\ Int'l Symp.\ Empirical Software Engineering and Measurement (ESEM)"}
@String{ICST =      "Proc. Int'l Conf. Software Testing, Verification, and Validation (ICST)"}

 series = {
%@String{TSE = "IEEE Transactions on Software Engineering (TSE)"}
%@String{TOPLAS = "ACM Transactions on Programing Languages and Systems (TOPLAS)"}
%@String{TOSEM = "ACM Transactions on Software Engineering and Methodology (TOSEM)"}
%@String{CACM = "Communications of the ACM"}
%@String{SCP="Science of Computer Programming"}
%@String{SIGSOFTNotice = "ACM SIGSOFT Software Engineering Notes"}
@String{TSE = "IEEE Trans.\ Softw.\ Eng. (TSE)"}
@String{TOPLAS = "ACM Trans. Program. Lang. Syst. (TOPLAS)"}
@String{CACM = "Commun.\ ACM"}
@String{SIGSOFTNotice = "SIGSOFT Softw. Eng. Notes"}
@String{TOSEM = "ACM Trans. Softw. Eng. Methodol. (TOSEM)"}
@String{SCP="Sci. Comput. Program."}
@String{InfComput = "Information and Computation"}
@String{JOT               = "J. Object Technology (JOT)"}
@String{JASE                = "Automated Software Engineering"}
@String{IEEESoftware                = "IEEE Software"}
@String{CSUR="ACM Computing Surveys (CSUR)"}
@String{SIGPLANNOT="SIGPLAN Notices"}
@String{SPE = "Software: Practice and Experience"}
@String{IST = "Information and Software Technology (IST)"}

@String{ETX         = "Proc.\ OOPSLA Workshop on Eclipse Technology eXchange (ETX)"}
@String{ETXE        = "Proc.\ ECOOP Workshop on Eclipse Technology eXchange (ETX)"}
@String{SPLiT       = "Proc.\ SPLC Workshop on Software Product Line Testing (SPLiT)"}
@String{ViSPLE      = "Proc.\ SPLC Workshop on Visualization in Software Product Line Engineering (ViSPLE)"}
@String{FOSD        = "Proc.\ GPCE Workshop on Feature-Oriented Software Development (FOSD)"}
@String{FOSDS       = "Proc.\ SPLC Workshop on Feature-Oriented Software Development (FOSD)"}
@String{ACP4IS      = "Proc.\ AOSD Workshop on Aspects, Components, and Patterns for Infrastructure Software (ACP4IS)"}
@String{MACS        = "Proc.\ ICSE Workshop on Modeling and Analysis of Concerns in Software (MACS)"}
@String{WRT         = "Proc.\ ECOOP Workshop on Refactoring Tools (WRT)"}
@String{SETMDM      = "Proc.\ EDBT Workshop on Software Engineering for Tailor-made Data Management"}
@String{VaMoS       = "Proc.\ Int'l Workshop on Variability Modelling of Software-intensive Systems (VaMoS)"}
@String{SCAM        = "Proc.\ Int'l Workshop Source Code Analysis and Manipulation (SCAM)"}
@String{IWPC        = "Proc.\ Int'l Workshop on Program Comprehension (IWPC)"}
@String{PEPM=         "Proc.\ Workshop on Partial Evaluation and Semantics-Based Program Manipulation (PEPM)"}
@String{CHASE=        "Proc.\ Workshop Cooperative and Human Aspects of Software Engineering (CHASE)"}

@String{AddisonWesleyLongman = "Addison-Wesley"}
@String{LNCS = "LNCS"}
@String{LNBIP = "LNBIP"} 
%@String{LNCS = "Lecture Notes in Computer Science"}
%@String{LNBIP = "Lecture Notes in Business Information Processing"}
@String{GI =  "Gesellschaft f{\"u}r Informatik (GI)"}
@String{GIAddr =  "Bonn"}
@String{LZI = "Leibniz-Zentrum f{\"u}r Informatik (LZI)"}
@String{LZIAddr = "Wadern"}
@String{ACM = "ACM Press"}
@String{ACMAddr = "New York"}
@String{Springer="Springer-Verlag"}
@String{SpringerNL="Springer Netherlands"}
@String{SpringerAddr="Berlin/Heidelberg"}
@String{SpringerAddrBHN="Berlin/Heidelberg/New York"}
@String{SpringerAddrNY="New York"}
@String{SpringerAddrL="London"}
@String{SpringerAddrNL="Dordrecht"}
@String{SpringerAddrNJ="Secaucus, NJ"}
@String{IEEE="IEEE Computer Society"}
@String{IEEEAddr="Los Alamitos, CA"}
@String{IEEEAddrW="Washington, DC"}
@String{IEEEAddrP="Piscataway, NJ"}
@String{MDTech = "School of Computer Science, University of Magdeburg"}
@String{PATech = "Department of Informatics and Mathematics, University of Passau"}
@String{MRTech = "Department of Mathematics and Computer Science, Philipps University Marburg"}
@String{CMUISRTech = "Institute for Software Research, Carnegie Mellon University"}
@String{CMUCSDTech = "Computer Science Department, Carnegie Mellon University"}
@String{Diplomarbeit = "Master's Thesis ({Diplomarbeit})"},

NOString{AddisonWesleyLongman = "Addison-Wesley Longman Publishing Co., Inc."}











@book{nielson1992,
 author = {Nielson, Flemming and Nielson, Hanne Riis},
 title = {Two-level Functional Languages},
 year = {1992},
 NOisbn = {0-521-40384-7},
 publisher = {Cambridge University Press},
 NOaddress = {New York, NY, USA},
} 

@inproceedings{choi-popl11,
 author = {Choi, Wontae and Aktemur, Baris and Yi, Kwangkeun and Tatsuta, Makoto},
 title = {Static Analysis of Multi-staged Programs via Unstaging Translation},
 booktitle = POPL,
 NOseries = {POPL'11},
 year = {2011},
 pages = {81--92},
 publisher = ACM,
} 


@inproceedings{staged-computation,
 author = {J{\o}rring, Ulrik and Scherlis, William L.},
 title = {Compilers and Staging Transformations},
 booktitle = POPL,
 NOseries = {POPL '86},
 year = {1986},
 pages = {86--96},
 publisher = ACM,
}

@misc{website-idecomparison,
  title =        {IDE Comparison for HTML 5, CSS 3 and JavaScript},
  howpublished = {\url{http://www.oio.de/public/opensource/comparison-IDE-for-HTML5-CSS3-JavaScript-shootout.htm}},
}

@inproceedings{typechef,
 author = {K\"{a}stner, Christian and Giarrusso, Paolo G. and Rendel, Tillmann and Erdweg, Sebastian and Ostermann, Klaus and Berger, Thorsten},
 title = {Variability-aware Parsing in the Presence of Lexical Macros and Conditional Compilation},
 booktitle = OOPSLA,
 NOseries = {OOPSLA '11},
 year = {2011},
 pages = {805--824},
 publisher = ACM,
} 

@inproceedings{walajs,
 author = {Feldthaus, Asger and Sch\"{a}fer, Max and Sridharan, Manu and Dolby, Julian and Tip, Frank},
 title = {Efficient Construction of Approximate Call Graphs for {JavaScript IDE} Services},
 booktitle = ICSE,
 NOseries = {ICSE '13},
 year = {2013},
 pages = {752--761},
 numpages = {10},
 publisher = {IEEE Press},
} 

@misc{website-walajs,
  title = {{WALA} Tools in {JavaScript}},
  howpublished = {\url{http://wala.sourceforge.net/wiki/index.php/Main_Page#WALA_Tools_in_JavaScript}},
}

@misc{website-dom,
  title = {What is the Document Object Model?},
  howpublished = {\url{http://www.w3.org/TR/WD-DOM/introduction.html}},
}

@misc{website-webscent,
  title = {Detection of Embedded Code Smells in Dynamic Web Applications},
  howpublished = {\url{http://home.engineering.iastate.edu/~hungnv/Research/WebScent/}},
}

@misc{website-varis,
  title = {Building Call Graphs for Embedded Client-Side Code in Dynamic Web Applications},
  howpublished = {\url{http://home.engineering.iastate.edu/~hungnv/Research/Varis/?page=video_demo}},
}

@misc{website-jsgrammar,
  title = {{ECMAScript} Language Specification - {ECMA}-262 Edition 5.1},
  howpublished = {\url{http://www.ecma-international.org/ecma-262/5.1/}},
}
%  title = {JavaScript 1.4 Grammar},
%  howpublished = {\url{http://www-archive.mozilla.org/js/language/grammar14.html}},

@misc{website-cssgrammar,
  title = {Grammar of CSS 2.1},
  howpublished = {\url{http://www.w3.org/TR/CSS21/grammar.html}},
}

@misc{website-cssselectors,
  title = {{CSS} Selectors},
  howpublished = {\url{http://www.w3.org/TR/CSS21/selector.html}},
}

@inproceedings{phpsync,
 author = {Nguyen, Hung Viet and Nguyen, Hoan Anh and Nguyen, Tung Thanh and Nguyen, Tien N.},
 title = {Auto-locating and Fix-propagating for {HTML} Validation Errors to {PHP} Server-side Code},
 booktitle = ASE,
 NOseries = {ASE '11},
 year = {2011},
 pages = {13--22},
 publisher = {IEEE CS},
}

@article{s-expression,
 author = {McCarthy, John},
 title = {Recursive Functions of Symbolic Expressions and Their Computation by Machine},
 journal = {Commun. ACM},
 volume = {3},
 number = {4},
 NOmonth = apr,
 year = {1960},
 pages = {184--195},
 publisher = ACM,
} 

@inproceedings{ibm-icse12,
 author = {Samimi, Hesam and Sch\"{a}fer, Max and Artzi, Shay and Millstein, Todd and Tip, Frank and Hendren, Laurie},
 title = {Automated Repair of {HTML} Generation Errors in {PHP} Applications Using String Constraint Solving},
 booktitle = ICSE,
 NOseries = {ICSE '12},
 year = {2012},
 pages = {277--287},
 publisher = {IEEE Press},
} 

@inproceedings{artzi-icse10,
 author = {Artzi, Shay and Dolby, Julian and Tip, Frank and Pistoia, Marco},
 title = {Practical Fault Localization for Dynamic Web Applications},
 booktitle = ICSE,
 NOseries = {ICSE '10},
 year = {2010},
 pages = {265--274},
 publisher = ACM,
}

@article{artzi-tse10,
 author = {Artzi, Shay and Kiezun, Adam and Dolby, Julian and Tip, Frank and Dig, Daniel and Paradkar, Amit and Ernst, Michael D.},
 title = {Finding Bugs in Web Applications Using Dynamic Test Generation and Explicit-State Model Checking},
 journal = {IEEE Trans. Softw. Eng.},
 issue_date = {2010},
 volume = {36},
 number = {4},
 NOmonth = jul,
 year = {2010},
 pages = {474--494},
 publisher = {IEEE Press},
}  

@inproceedings{clark-ase11,
 author = {Clark, Sarah R. and Cobb, Jake and Kapfhammer, Gregory M. and Jones, James A. and Harrold, Mary Jean},
 title = {Localizing SQL Faults in Database Applications},
 booktitle = {International Conference on Automated Software Engineering},
 series = {ASE '11},
 year = {2011},
 pages = {213--222},
 publisher = {IEEE CS},
} 

@inproceedings{wang-fse12,
 author = {Wang, Xiaoyin and Zhang, Lu and Xie, Tao and Xiong, Yingfei and Mei, Hong},
 title = {Automating Presentation Changes in Dynamic Web Applications via Collaborative Hybrid Analysis},
 booktitle = FSE,
 NOseries = {FSE '12},
 year = {2012},
 pages = {16:1--16:11},
 publisher = ACM,
} 

@inproceedings{wang-fse10,
 author = {Wang, Xiaoyin and Zhang, Lu and Xie, Tao and Mei, Hong and Sun, Jiasu},
 title = {Locating Need-to-translate Constant Strings in Web Applications},
 booktitle = FSE,
 NOseries = {FSE '10},
 year = {2010},
 pages = {87--96},
 publisher = ACM,
}

@inproceedings{minamide05,
 author = {Minamide, Yasuhiko},
 title = {Static Approximation of Dynamically Generated Web Pages},
 booktitle = {Proceedings of the International Conference on World Wide Web (WWW)},
 NOseries = {WWW '05},
 year = {2005},
 pages = {432--441},
 publisher = ACM,
}  

@inproceedings{drc-ase13,
  author = {Hung Viet Nguyen and Hoan Anh Nguyen and Tung Thanh Nguyen and Anh Tuan Nguyen and Tien N. Nguyen},
  title = {Dangling References in Multi-configuration and Dynamic {PHP}-Based {Web} Applications},
  booktitle     = ASE,
  year = {2013},
  publisher = IEEE,
}

@inproceedings{su-icse08,
 author = {Wassermann, Gary and Su, Zhendong},
 title = {Static Detection of Cross-site Scripting Vulnerabilities},
 booktitle = ICSE,
 NOseries = {ICSE '08},
 year = {2008},
 pages = {171--180},
 publisher = ACM,
} 

@inproceedings{kieyzun09,
 author = {Kieyzun, Adam and Guo, Philip J. and Jayaraman, Karthick and Ernst, Michael D.},
 title = {Automatic Creation of {SQL} Injection and Cross-site Scripting Attacks},
 booktitle = ICSE,
 NOseries = {ICSE '09},
 year = {2009},
 pages = {199--209},
 publisher = IEEE,
}

@inproceedings{xieaiken06,
 author = {Xie, Yichen and Aiken, Alex},
 title = {Static Detection of Security Vulnerabilities in Scripting Languages},
 booktitle = {Proc.\ of the 15th Conf.\ on USENIX Security Symp.\ (USENIX-SS)},
 NOseries = {USENIX-SS'06},
 year = {2006},
 publisher = {USENIX Association},
}  

@inproceedings{tevfik11,
  author    = {Fang Yu and
               Muath Alkhalaf and
               Tevfik Bultan},
  title     = {Patching vulnerabilities with sanitization synthesis},
  booktitle = ICSE,
  NOseries    = {ICSE '11},
  year      = {2011},
  pages     = {251-260},
  publisher = ACM,
}

@InProceedings{dom2011,
  author =       {Simon Holm Jensen and Magnus Madsen and Anders M\o{}ller},
  title =        {Modeling the {HTML} {DOM} and Browser {API} in Static Analysis of {J}ava{S}cript Web Applications},
  booktitle =    ESECFSE,
  year =         {2011},
  publisher  = ACM,
}

@InProceedings{tajs2009,
  author =       {Simon Holm Jensen and Anders M\o{}ller and Peter Thiemann},
  title =        {Type Analysis for {J}ava{S}cript},
  booktitle =    {Proceedings of the International Static Analysis Symposium (SAS)},
  year =         {2009},
  NOmonth =        {August},
  NOseries =       {Lecture Notes in Computer Science},
  NOvolume =       {5673},
  publisher =    {Springer-Verlag},
}

@inproceedings{madsen-fse13,
 author = {Madsen, Magnus and Livshits, Benjamin and Fanning, Michael},
 title = {Practical Static Analysis of {JavaScript} Applications in the Presence of Frameworks and Libraries},
 booktitle = ESECFSE,
 NOseries = {ESEC/FSE 13},
 year = {2013},
 pages = {499--509},
 publisher = ACM,
} 

@article{grove01,
 author = {Grove, David and Chambers, Craig},
 title = {A Framework for Call Graph Construction Algorithms},
 journal = {ACM Trans. Program. Lang. Syst.},
 issue_date = {2001},
 volume = {23},
 number = {6},
 year = {2001},
 pages = {685--746},
 publisher = ACM,
} 

@inproceedings{feldthaus-oopsla11,
 author = {Feldthaus, Asger and Millstein, Todd and M{\o}ller, Anders and Sch\"{a}fer, Max and Tip, Frank},
 title = {Tool-supported Refactoring for {JavaScript}},
 booktitle = OOPSLA,
 NOseries = {OOPSLA'11},
 year = {2011},
 pages = {119--138},
 publisher = ACM,
} 

@inproceedings{sen-fse13,
 author = {Sen, Koushik and Kalasapur, Swaroop and Brutch, Tasneem and Gibbs, Simon},
 title = {Jalangi: A Selective Record-replay and Dynamic Analysis Framework for {JavaScript}},
 booktitle = ESECFSE,
 NOseries = {ESEC/FSE 13},
 year = {2013},
 pages = {488--498},
 publisher = ACM,
} 

@article{visser-toplas12,
 author = {de Jonge, Maartje and Kats, Lennart C. L. and Visser, Eelco and S\"{o}derberg, Emma},
 title = {Natural and Flexible Error Recovery for Generated Modular Language Environments},
 journal = {ACM Trans. Program. Lang. Syst.},
 issue_date = {2012},
 volume = {34},
 number = {4},
 NOmonth = dec,
 year = {2012},
 NOissn = {0164-0925},
 pages = {15:1--15:50},
 articleno = {15},
 numpages = {50},
 publisher = ACM,
} 

@inproceedings{gould04,
 author = {Gould, Carl and Su, Zhendong and Devanbu, Premkumar},
 title = {Static Checking of Dynamically Generated Queries in Database Applications},
 booktitle = {Proceedings of the 26th International Conference on Software Engineering},
 series = {ICSE '04},
 year = {2004},
 isbn = {0-7695-2163-0},
 pages = {645--654},
 numpages = {10},
 url = {http://dl.acm.org/citation.cfm?id=998675.999468},
 acmid = {999468},
 publisher = {IEEE Computer Society},
 address = {Washington, DC, USA},
} 

@article{tabuchi03,
title = "Regular Expression Types for Strings in a Text Processing Language",
journal = "Electronic Notes in Theoretical Computer Science",
volume = "75",
number = "",
pages = "95 - 113",
year = "2003",
note = "",
issn = "1571-0661",
doi = "http://dx.doi.org/10.1016/S1571-0661(04)80781-3",
url = "http://www.sciencedirect.com/science/article/pii/S1571066104807813",
author = "Naoshi Tabuchi and Eijiro Sumii and Akinori Yonezawa",

}